<?xml version = "1.0" encoding = "UTF-8"?><OAI-PMH xmlns="http://www.openarchives.org/OAI/2.0/" xmlns:xsi="http://www.w3.org/2001/XMLSchema-instance" xsi:schemaLocation="http://www.openarchives.org/OAI/2.0/ http://www.openarchives.org/OAI/2.0/OAI-PMH.xsd"><ListRecords><record><header><identifier>aleph-publish:036759369</identifier></header><metadata><record xmlns="http://www.ddb.de/professionell/mabxml/mabxml-1.xsd"><leader>00000nM2.01200024------h</leader><controlfield tag="LDR">00000nM2.01200024------h</controlfield><controlfield tag="FMT">MH</controlfield><datafield tag="001" ind1="-" ind2="1"><subfield code="a">HT020566163</subfield></datafield><datafield tag="002" ind1="a" ind2="1"><subfield code="a">20200831</subfield></datafield><datafield tag="003" ind1="-" ind2="1"><subfield code="a">20220218175200.0</subfield></datafield><datafield tag="020" ind1="-" ind2="1"><subfield code="a">ELiSA-9783110659849</subfield><subfield code="b">ELiSA</subfield></datafield><datafield tag="025" ind1="a" ind2="1"><subfield code="a">1203449488</subfield></datafield><datafield tag="025" ind1="o" ind2="1"><subfield code="a">1138498044</subfield></datafield><datafield tag="026" ind1="-" ind2="1"><subfield code="a">DNB1203449488</subfield></datafield><controlfield tag="030">a||ur||||||37</controlfield><datafield tag="036" ind1="a" ind2="1"><subfield code="a">XA-DE-BE</subfield></datafield><datafield tag="037" ind1="b" ind2="1"><subfield code="a">ger</subfield></datafield><controlfield tag="050">a|a|||||||||||</controlfield><controlfield tag="051">m|||||||</controlfield><datafield tag="060" ind1="-" ind2="1"><subfield code="b">txt</subfield><subfield code="a">Text</subfield></datafield><datafield tag="061" ind1="-" ind2="1"><subfield code="b">n</subfield><subfield code="a">ohne Hilfsmittel zu benutzen</subfield></datafield><datafield tag="062" ind1="-" ind2="1"><subfield code="b">nc</subfield><subfield code="a">Band</subfield></datafield><datafield tag="070" ind1="-" ind2="1"><subfield code="a">466</subfield></datafield><datafield tag="070" ind1="b" ind2="1"><subfield code="a">929</subfield></datafield><datafield tag="080" ind1="-" ind2="1"><subfield code="a">60</subfield></datafield><datafield tag="100" ind1="b" ind2="1"><subfield code="p">Görz, Günther</subfield><subfield code="d">1947-</subfield><subfield code="4">edt</subfield><subfield code="3">Herausgeber</subfield><subfield code="9">(DE-588)10853572X</subfield></datafield><datafield tag="101" ind1="-" ind2="1"><subfield code="p">Görz, Günter</subfield><subfield code="d">1947-</subfield></datafield><datafield tag="101" ind1="-" ind2="1"><subfield code="p">Görz, G.</subfield><subfield code="d">1947-</subfield></datafield><datafield tag="101" ind1="-" ind2="1"><subfield code="p">Goerz, G.</subfield><subfield code="d">1947-</subfield></datafield><datafield tag="104" ind1="b" ind2="1"><subfield code="p">Schmid, Ute</subfield><subfield code="d">1965-</subfield><subfield code="4">edt</subfield><subfield code="3">Herausgeber</subfield><subfield code="9">(DE-588)1018194363</subfield></datafield><datafield tag="105" ind1="-" ind2="1"><subfield code="p">Schmid, Ute Maria</subfield><subfield code="d">1965-</subfield></datafield><datafield tag="108" ind1="b" ind2="1"><subfield code="a">Braun, Tanya</subfield><subfield code="4">edt</subfield><subfield code="3">Herausgeber</subfield></datafield><datafield tag="331" ind1="-" ind2="1"><subfield code="a">Handbuch der künstlichen Intelligenz</subfield></datafield><datafield tag="359" ind1="-" ind2="1"><subfield code="a">herausgegeben von Günther Görz, Ute Schmid, und Tanya Braun</subfield></datafield><datafield tag="403" ind1="-" ind2="1"><subfield code="a">6. Auflage</subfield></datafield><datafield tag="419" ind1="-" ind2="1"><subfield code="a">Berlin ; Boston</subfield><subfield code="b">De Gruyter Oldenbourg</subfield><subfield code="c">[2021]</subfield></datafield><datafield tag="425" ind1="a" ind2="1"><subfield code="a">2021</subfield></datafield><datafield tag="433" ind1="-" ind2="1"><subfield code="a">XX, 956 Seiten</subfield></datafield><datafield tag="434" ind1="-" ind2="1"><subfield code="a">Illustrationen</subfield></datafield><datafield tag="435" ind1="-" ind2="1"><subfield code="a">24 cm x 17 cm</subfield></datafield><datafield tag="540" ind1="a" ind2="1"><subfield code="a">978-3-11-065984-9</subfield><subfield code="b">Festeinband: EUR 129.95 (DE), EUR 129.95 (AT)</subfield></datafield><datafield tag="540" ind1="a" ind2="1"><subfield code="a">3-11-065984-0</subfield></datafield><datafield tag="553" ind1="a" ind2="1"><subfield code="a">9783110659849</subfield></datafield><datafield tag="574" ind1="-" ind2="1"><subfield code="a">20,N05</subfield></datafield><datafield tag="655" ind1="e" ind2="1"><subfield code="m">X:MVB</subfield><subfield code="u">http://www.degruyter.com/search?f_0=isbnissn&amp;q_0=9783110659849&amp;searchTitles=true</subfield><subfield code="3">Inhaltsverzeichnis</subfield><subfield code="A">2</subfield></datafield><datafield tag="655" ind1="e" ind2="1"><subfield code="m">B:DE-101</subfield><subfield code="q">application/pdf</subfield><subfield code="u">http://digitale-objekte.hbz-nrw.de/storage2/2021/03/25/file_9/9011274.pdf</subfield><subfield code="3">Inhaltsverzeichnis</subfield><subfield code="A">2</subfield></datafield><datafield tag="700" ind1="l" ind2="1"><subfield code="a">820</subfield></datafield><datafield tag="700" ind1="l" ind2="1"><subfield code="a">900</subfield></datafield><datafield tag="700" ind1="-" ind2="1"><subfield code="a">004</subfield><subfield code="2">DNB</subfield></datafield><datafield tag="700" ind1="b" ind2="1"><subfield code="a">004</subfield><subfield code="c">23sdnb</subfield></datafield><datafield tag="776" ind1="-" ind2="1"><subfield code="i">Erscheint auch als</subfield><subfield code="n">Online-Ausgabe, EPUB</subfield><subfield code="z">978-3-11-065995-5</subfield></datafield><datafield tag="776" ind1="-" ind2="1"><subfield code="i">Erscheint auch als</subfield><subfield code="n">Online-Ausgabe, PDF</subfield><subfield code="z">978-3-11-065994-8</subfield></datafield><datafield tag="902" ind1="-" ind2="1"><subfield code="s">Künstliche Intelligenz</subfield><subfield code="9">(DE-588)4033447-8</subfield></datafield><controlfield tag="SYS">036759369</controlfield><datafield tag="LOW" ind1="-" ind2="1"><subfield code="a">R0001</subfield></datafield><datafield tag="LOW" ind1="-" ind2="1"><subfield code="a">L0001</subfield></datafield><datafield tag="952" ind1="-" ind2="1"><subfield code="s">Artificial intelligence</subfield></datafield><datafield tag="952" ind1="-" ind2="1"><subfield code="s">Computerunterstützte Intelligenz</subfield></datafield><datafield tag="952" ind1="-" ind2="1"><subfield code="s">Maschinelle Intelligenz</subfield></datafield><datafield tag="952" ind1="-" ind2="1"><subfield code="s">KI</subfield><subfield code="h">Informatik</subfield></datafield><datafield tag="088" ind1=" " ind2=" "><subfield code="a">51</subfield><subfield code="b">00000000</subfield><subfield code="c">TVU 133</subfield><subfield code="e">ILL Ausleihe</subfield></datafield><datafield tag="088" ind1=" " ind2=" "><subfield code="a">929</subfield><subfield code="b">00000001</subfield><subfield code="c">Präsenz = 828/H/HAN-21</subfield><subfield code="e">keine ILL</subfield></datafield><datafield tag="088" ind1=" " ind2=" "><subfield code="a">708</subfield><subfield code="c">TZH/GOE</subfield><subfield code="e">Keine Angabe</subfield></datafield><datafield tag="088" ind1=" " ind2=" "><subfield code="a">82</subfield><subfield code="c">FNT:ST 300 0001+6</subfield><subfield code="e">keine Angabe</subfield></datafield><datafield tag="088" ind1=" " ind2=" "><subfield code="a">Dm 13</subfield><subfield code="c">TVU 23(6)</subfield><subfield code="e">keine Angabe</subfield></datafield><datafield tag="088" ind1=" " ind2=" "><subfield code="a">466</subfield><subfield code="c">TVU3954(6)</subfield><subfield code="e">keine Angabe</subfield></datafield><datafield tag="088" ind1=" " ind2=" "><subfield code="a">466</subfield><subfield code="c">TVU3954(6)+1</subfield><subfield code="e">keine Angabe</subfield></datafield><datafield tag="088" ind1=" " ind2=" "><subfield code="a">A 96</subfield><subfield code="b">EUP_F</subfield><subfield code="c">21 TVU 44(6)</subfield><subfield code="e">ILL Kopie+Ausl.</subfield></datafield><datafield tag="088" ind1=" " ind2=" "><subfield code="a">82</subfield><subfield code="c">01:ST 300 0001+6</subfield><subfield code="e">keine Angabe</subfield></datafield><datafield tag="088" ind1=" " ind2=" "><subfield code="a">Hag 4/2</subfield><subfield code="c">M/P-Tgc4 116:6</subfield><subfield code="e">keine Angabe</subfield></datafield><datafield tag="088" ind1=" " ind2=" "><subfield code="a">Hag 4</subfield><subfield code="c">W-Tgc4 117:6</subfield><subfield code="e">keine Angabe</subfield></datafield><datafield tag="088" ind1=" " ind2=" "><subfield code="a">1117</subfield><subfield code="b">00005</subfield><subfield code="c">M 8.0 166(6)</subfield><subfield code="e">Monographie</subfield></datafield><datafield tag="088" ind1=" " ind2=" "><subfield code="a">466</subfield><subfield code="c">TVU3954(6)+2</subfield><subfield code="e">keine Angabe</subfield></datafield></record></metadata></record></ListRecords></OAI-PMH>